@article{takahashi1980approximate,
  title={An approximate solution for the Steiner problem in graphs},
  author={Takahashi, Hiromitsu and others},
  year={1980}
}

@article{BeRa94,
    author = "Berman, P. and Ramaiyer, V.",
    title = "{Improved Approximations for the Steiner Tree Problem}",
    journal = "Journal of Algorithms 17",
    pages = "381-408",
    year = "1994",
    }

@article{HoPr99,
    author = "Hougardy, S. and Pr√∂mel, H.",
    title = "{A 1.598 Approximation Algorithm for the Steiner Problem in Graphs}",
    journal = "Proceedings of the Tenth Annual ACM-SIAM Symposium on Discrete Algorithms",
    pages = "448-453",
    year = "1999",
    }

@article{KaZe97,
    author = "Karpinski, M. and Zelikovsky, A.",
    title = "{New approximation algorithms for the Steiner problems}",
    journal = "Journal of Combinatorial Optimization 1",
    pages = "47-65",
    year = "1997",
    }

@article{BlNi07,
  title={Combinatorial auctions},
  author={Blumrosen, Liad and Nisan, Noam},
  journal={Algorithmic game theory},
  volume={267},
  pages={300},
  year={2007},
  publisher={Cambridge University Press New York}
}

@article{karpinski1997new,
  title={New approximation algorithms for the Steiner tree problems},
  author={Karpinski, Marek and Zelikovsky, Alexander},
  journal={Journal of Combinatorial Optimization},
  volume={1},
  number={1},
  pages={47--65},
  year={1997},
  publisher={Springer}
}

@online{tumthesistemplate,
  author="Walch, Florian",
  url="https://github.com/fwalch/tum-thesis-latex"
}

@article{lu2003full,
  title={The full Steiner tree problem},
  author={Lu, Chin Lung and Tang, Chuan Yi and Lee, Richard Chia-Tung},
  journal={Theoretical Computer Science},
  volume={306},
  number={1-3},
  pages={55--67},
  year={2003},
  publisher={Elsevier}
}

@article{hougardy2010floyd,
  title={The Floyd--Warshall algorithm on graphs with negative cycles},
  author={Hougardy, Stefan},
  journal={Information Processing Letters},
  volume={110},
  number={8-9},
  pages={279--281},
  year={2010},
  publisher={Elsevier}
}

@article{kruskal1956shortest,
  title={On the shortest spanning subtree of a graph and the traveling salesman problem},
  author={Kruskal, Joseph B},
  journal={Proceedings of the American Mathematical society},
  volume={7},
  number={1},
  pages={48--50},
  year={1956},
  publisher={JSTOR}
}

@incollection{karp1972reducibility,
  title={Reducibility among combinatorial problems},
  author={Karp, Richard M},
  booktitle={Complexity of computer computations},
  pages={85--103},
  year={1972},
  publisher={Springer}
}

